@article{Thiện_Thắng_Thặng_Bảo_2022, title={Nghiên cứu thuật toán thị giác máy tính để theo dõi việc thực hiện các quy định về phòng ngừa Covid-19 sử dụng kỹ thuật học sâu}, volume={58}, url={https://ctujsvn.ctu.edu.vn/index.php/ctujsvn/article/view/4014}, DOI={10.22144/ctu.jvn.2022.217}, abstractNote={&lt;p&gt;Bài báo này được thực hiện nhằm nghiên cứu phát hiện và kiểm tra việc tuân thủ các quy định về đeo khẩu trang, giữ khoảng cách xã hội ở các địa điểm đông đúc. Mô hình YOLO được sử dụng để xây dựng thuật toán phát hiện đeo khẩu trang đúng hay không đúng quy định, đồng thời kiểm tra việc giữ khoảng cách xã hội bằng việc sử dụng thuật toán tính khoảng cách Euclid giữa các khung bao quanh người được phát hiện trong hình ảnh, kết hợp thuật toán chuyển đổi Bird’s-eye view. Tập dữ liệu được sử dụng bao gồm 40 hình ảnh với hai đối tượng người được phân loại thực tế theo khoảng cách đứng với nhau: lớn hơn hoặc bằng 2 m và nhỏ hơn 2 m. Đồng thời, mỗi đối tượng người trong hình ảnh được phân loại thành ba lớp: đeo khẩu trang đúng hay không đúng và không đeo khẩu trang. Kết quả thử nghiệm khoảng cách đối tượng đạt 90% và nhận diện đối tượng đeo khẩu trang có kết quả như sau: 86,67% đeo khẩu trang đúng, 76,67%  không đeo khẩu trang và 65% đeo khẩu trang...&lt;/p&gt;}, number={5}, journal={Tạp chí Khoa học Đại học cần Thơ}, author={Thiện, Nguyễn Đức and Thắng, Lư Tất and Thặng, Nguyễn Văn and Bảo, Trương Quốc}, year={2022}, month={tháng 10}, pages={1-13} }

@article{Reference2,
	Url = {https://www.kaggle.com/datasets/spandanpatnaik09/face-mask-detectormask-not-mask-incorrect-mask},
	year={2018}
}

@article{Reference3,
	Url = {https://www.kaggle.com/datasets/ananthu017/emotion-detection-fer},
	year={2019}
}

@article{Reference4,
	Url = {https://www.ibm.com/topics/convolutional-neural-networks},
	year={2021}
}

@Inbook{Bisong2019,
	author="Bisong, Ekaba",
	title="Google Colaboratory",
	bookTitle="Building Machine Learning and Deep Learning Models on Google Cloud Platform: A Comprehensive Guide for Beginners",
	year="2019",
	publisher="Apress",
	address="Berkeley, CA",
	pages="59--64",
	abstract="Google Colaboratory more commonly referred to as ``Google Colab'' or just simply ``Colab'' is a research project for prototyping machine learning models on powerful hardware options such as GPUs and TPUs. It provides a serverless Jupyter notebook environment for interactive development. Google Colab is free to use like other G Suite products.",
	isbn="978-1-4842-4470-8",
	doi="10.1007/978-1-4842-4470-8_7",
	url="https://doi.org/10.1007/978-1-4842-4470-8_7"
}

	





